
%% Created for Matthew Wampler-Doty at 2009-05-06 11:15:13 +0200 


%% Saved with string encoding Unicode (UTF-8) 



@book{descartes1993mfp,
	Author = {Descartes, R. and Tweyman, S.},
	Date-Added = {2009-05-06 02:46:47 +0200},
	Date-Modified = {2009-05-06 02:46:47 +0200},
	Publisher = {Routledge},
	Title = {{Meditations on first philosophy in focus}},
	Year = {1993}}

@article{artemov1994lp,
	Author = {Artemov, S.},
	Date-Added = {2009-05-06 02:15:58 +0200},
	Date-Modified = {2009-05-06 02:15:58 +0200},
	Journal = {Annals of Pure and Applied Logic},
	Number = {1},
	Pages = {29--60},
	Publisher = {Amsterdam: North-Holland, c1983-},
	Title = {{Logic of proofs}},
	Volume = {67},
	Year = {1994}}

@misc{artemov2005iji,
	Author = {Artemov, S. and Nogina, E.},
	Date-Added = {2009-05-06 02:15:03 +0200},
	Date-Modified = {2009-05-06 02:15:03 +0200},
	Journal = {Journal of Logic and Computation},
	Number = {6},
	Pages = {1059--1073},
	Publisher = {Oxford Univ Press},
	Title = {{Introducing justification into epistemic logic}},
	Volume = {15},
	Year = {2005}}

@book{meyer2004ela,
	Author = {Meyer, J.J.C. and Van Der Hoek, W.},
	Date-Added = {2009-05-06 02:05:16 +0200},
	Date-Modified = {2009-05-06 02:05:16 +0200},
	Publisher = {Cambridge Univ Pr},
	Title = {{Epistemic logic for AI and computer science}},
	Year = {2004}}

@book{hintikka1962kab,
	Author = {Hintikka, J.},
	Date-Added = {2009-05-06 01:54:44 +0200},
	Date-Modified = {2009-05-06 01:54:44 +0200},
	Publisher = {Cornell University Press},
	Title = {{Knowledge and belief: an introduction to the logic of the two notions}},
	Year = {1962}}
